<record><leader>00000cas a2200000 a 4500</leader><controlfield tag="001">197041249</controlfield><controlfield tag="008">910301d18601876ilumr n       0   a0eng c</controlfield><datafield ind1=" " ind2=" " tag="010"><subfield code="a">sn 78004289 </subfield></datafield><datafield ind1=" " ind2=" " tag="040"><subfield code="a">AQM</subfield><subfield code="b">eng</subfield><subfield code="c">AQM</subfield><subfield code="d">OCLCQ</subfield><subfield code="d">NVF</subfield><subfield code="d">OCLCQ</subfield><subfield code="d">OCLCO</subfield><subfield code="d">OCLCA</subfield><subfield code="d">OCLCF</subfield></datafield><datafield ind1=" " ind2=" " tag="022"><subfield code="a">0036-3251</subfield><subfield code="l">0036-3251</subfield></datafield><datafield ind1=" " ind2=" " tag="032"><subfield code="a">477300</subfield><subfield code="b">USPS</subfield></datafield><datafield ind1=" " ind2=" " tag="042"><subfield code="a">pcc</subfield></datafield><datafield ind1=" " ind2=" " tag="043"><subfield code="a">n-us-il</subfield></datafield><datafield ind1="0" ind2="4" tag="245"><subfield code="a">The true Latter-day Saints' herald.</subfield></datafield><datafield ind1=" " ind2=" " tag="260"><subfield code="a">Plano, Ill. :</subfield><subfield code="b">Church of Jesus Christ of Latter Day Saints,</subfield><subfield code="c">1860-1876.</subfield></datafield><datafield ind1=" " ind2=" " tag="300"><subfield code="a">v. :</subfield><subfield code="b">ill. ;</subfield><subfield code="c">28 cm.</subfield></datafield><datafield ind1=" " ind2=" " tag="310"><subfield code="a">Monthly</subfield></datafield><datafield ind1=" " ind2=" " tag="321"><subfield code="a">Semimonthly, &lt;Mar. 15,</subfield><subfield code="b">1868-Feb. 15. 1876&gt;</subfield></datafield><datafield ind1="0" ind2=" " tag="362"><subfield code="a">Vol. 1, no. 1 (Jan. 1860)-</subfield></datafield><datafield ind1="1" ind2=" " tag="362"><subfield code="a">Ceased in 1876.</subfield><subfield code="z">Cf. ULS.</subfield></datafield><datafield ind1=" " ind2=" " tag="500"><subfield code="a">Imprint: Independence, MO. : Herald House, &lt;187-&gt;.</subfield></datafield><datafield ind1=" " ind2=" " tag="500"><subfield code="a">Editor: Joseph Smith, &lt;1868-1876&gt;.</subfield></datafield><datafield ind1=" " ind2=" " tag="515"><subfield code="a">Vol. 13, no. 6 also called: Whole no. 150.</subfield></datafield><datafield ind1=" " ind2=" " tag="520"><subfield code="a">Magazine of: Reorganized Church of Jesus Christ of Latter-Day Saints.</subfield></datafield><datafield ind1="2" ind2="0" tag="610"><subfield code="a">Church of Jesus Christ of Latter-day Saints</subfield><subfield code="v">Newspapers.</subfield></datafield><datafield ind1=" " ind2="0" tag="650"><subfield code="a">Mormons</subfield><subfield code="v">Newspapers.</subfield></datafield><datafield ind1=" " ind2="0" tag="651"><subfield code="a">Plano (Ill.)</subfield><subfield code="v">Newspapers.</subfield></datafield><datafield ind1=" " ind2="4" tag="655"><subfield code="a">Religious periodicals.</subfield></datafield><datafield ind1=" " ind2="7" tag="655"><subfield code="a">Newspapers.</subfield><subfield code="2">fast</subfield><subfield code="0">(OCoLC)fst01423814</subfield></datafield><datafield ind1="2" ind2="7" tag="610"><subfield code="a">Church of Jesus Christ of Latter-day Saints.</subfield><subfield code="2">fast</subfield><subfield code="0">(OCoLC)fst00549691</subfield></datafield><datafield ind1=" " ind2="7" tag="650"><subfield code="a">Mormons.</subfield><subfield code="2">fast</subfield><subfield code="0">(OCoLC)fst01026314</subfield></datafield><datafield ind1=" " ind2="7" tag="651"><subfield code="a">Illinois</subfield><subfield code="z">Plano.</subfield><subfield code="2">fast</subfield><subfield code="0">(OCoLC)fst01226732</subfield></datafield><datafield ind1="1" ind2=" " tag="700"><subfield code="a">Smith, Joseph,</subfield><subfield code="c">Jr.,</subfield><subfield code="d">1805-1844.</subfield></datafield><datafield ind1="2" ind2=" " tag="710"><subfield code="a">Reorganized Church of Jesus Christ of Latter Day Saints.</subfield></datafield><datafield ind1=" " ind2=" " tag="752"><subfield code="a">United States</subfield><subfield code="b">Illinois</subfield><subfield code="c">Kendall</subfield><subfield code="d">Plano.</subfield></datafield><datafield ind1=" " ind2=" " tag="752"><subfield code="a">United States</subfield><subfield code="b">Missouri</subfield><subfield code="d">Independence.</subfield></datafield><datafield ind1="0" ind2="0" tag="785"><subfield code="t">Saints' herald</subfield></datafield></record>